<?xml version="1.0" encoding="UTF-8"?><collection xmlns="http://www.loc.gov/MARC21/slim"><record><leader>00488nam--2200181-u-4500</leader><controlfield tag="001">000052274</controlfield><controlfield tag="002">20161230</controlfield><controlfield tag="005">20161230201050</controlfield><controlfield tag="008">100610s1000------------r-----000-0-rus-d</controlfield><datafield ind1=" " ind2=" " tag="040"><subfield code="a">IFIN-HH</subfield></datafield><datafield ind1=" " ind2=" " tag="041"><subfield code="a">rus</subfield></datafield><datafield ind1=" " ind2=" " tag="080"><subfield code="a">519.22</subfield></datafield><datafield ind1="1" ind2=" " tag="100"><subfield code="a">Aliev,T.A</subfield></datafield><datafield ind1="1" ind2="0" tag="245"><subfield code="a">Statisticeskii analiz i kodirovanie miogomeriih sluceainih processov v realinom mashtabe vremeni</subfield><subfield code="c">T.A. Aliev</subfield></datafield><datafield ind1=" " ind2=" " tag="260"><subfield code="a">Bacu</subfield><subfield code="b">elm</subfield><subfield code="c">1982</subfield></datafield><datafield ind1=" " ind2=" " tag="300"><subfield code="a">259 p</subfield></datafield><datafield ind1=" " ind2=" " tag="852"><subfield code="a">70818</subfield><subfield code="c">519.2</subfield></datafield><datafield ind1=" " ind2=" " tag="CAT"><subfield code="a">Sys</subfield><subfield code="c">20100610</subfield><subfield code="h">102122</subfield></datafield></record></collection>